<record><leader>00000cas a2200000 a 4500</leader><controlfield tag="001">22455671</controlfield><controlfield tag="008">901001d187418uuiluwr ne      0   a0eng c</controlfield><datafield ind1=" " ind2=" " tag="010"><subfield code="a">sn 90054791 </subfield></datafield><datafield ind1=" " ind2=" " tag="040"><subfield code="a">NVF</subfield><subfield code="b">eng</subfield><subfield code="c">NVF</subfield><subfield code="d">OCLCQ</subfield><subfield code="d">NVF</subfield><subfield code="d">OCLCF</subfield><subfield code="d">NVF</subfield><subfield code="d">OCLCO</subfield></datafield><datafield ind1="1" ind2=" " tag="029"><subfield code="a">AU@</subfield><subfield code="b">000025864811</subfield></datafield><datafield ind1=" " ind2=" " tag="042"><subfield code="a">pcc</subfield></datafield><datafield ind1=" " ind2=" " tag="043"><subfield code="a">n-us-il</subfield></datafield><datafield ind1="0" ind2=" " tag="130"><subfield code="a">Marshall messenger (Marshall, Ill. : 1874)</subfield></datafield><datafield ind1="1" ind2="4" tag="245"><subfield code="a">The Marshall messenger.</subfield></datafield><datafield ind1="1" ind2="7" tag="246"><subfield code="a">Marshall weekly messenger</subfield></datafield><datafield ind1="3" ind2="3" tag="246"><subfield code="a">Messinger</subfield></datafield><datafield ind1=" " ind2=" " tag="260"><subfield code="a">Marshall, Ill. :</subfield><subfield code="b">Sutton &amp; Sutton,</subfield><subfield code="c">1874-[18--?].</subfield></datafield><datafield ind1="3" ind2=" " tag="260"><subfield code="3">Nov. 4, 1875-&lt;&gt;</subfield><subfield code="a">Marshall, Ill. :</subfield><subfield code="b">John Littlefield</subfield></datafield><datafield ind1=" " ind2=" " tag="300"><subfield code="a">v.</subfield></datafield><datafield ind1=" " ind2=" " tag="310"><subfield code="a">Weekly</subfield></datafield><datafield ind1="0" ind2=" " tag="362"><subfield code="a">Vol. 10, no. 29 (Nov. 5, 1874) = whole no. 496-</subfield></datafield><datafield ind1=" " ind2=" " tag="500"><subfield code="a">Editor &amp; proprietor: Eth Sutton, &lt;Oct. 28, 1875&gt;.</subfield></datafield><datafield ind1=" " ind2=" " tag="515"><subfield code="a">Continues the numbering of: Marshall weekly messenger (Marshall, Ill. : 1871).</subfield></datafield><datafield ind1=" " ind2=" " tag="588"><subfield code="a">Latest issue consulted: Vol. 18, no. 8 (June 14, 1882) = whole no. 900.</subfield></datafield><datafield ind1=" " ind2="0" tag="651"><subfield code="a">Marshall (Ill.)</subfield><subfield code="v">Newspapers.</subfield></datafield><datafield ind1=" " ind2="7" tag="651"><subfield code="a">Illinois</subfield><subfield code="z">Marshall.</subfield><subfield code="2">fast</subfield><subfield code="0">(OCoLC)fst01226728</subfield></datafield><datafield ind1=" " ind2="7" tag="655"><subfield code="a">Newspapers.</subfield><subfield code="2">fast</subfield><subfield code="0">(OCoLC)fst01423814</subfield></datafield><datafield ind1=" " ind2=" " tag="752"><subfield code="a">United States</subfield><subfield code="b">Illinois</subfield><subfield code="c">Clark</subfield><subfield code="d">Marshall.</subfield></datafield><datafield ind1="0" ind2="0" tag="780"><subfield code="t">Marshall weekly messenger (Marshall, Ill. : 1871)</subfield><subfield code="w">(DLC)sn 85033843</subfield><subfield code="w">(OCoLC)12283794</subfield></datafield><datafield ind1="0" ind2="0" tag="785"><subfield code="t">Marshall weekly messenger (Marshall, Ill. : 1887)</subfield><subfield code="w">(DLC)sn 90054792</subfield><subfield code="w">(OCoLC)22455726</subfield></datafield></record>